<?xml version="1.0" encoding="UTF-8"?>
<collection
  xmlns:xsi="http://www.w3.org/2001/XMLSchema-instance"
  xsi:schemaLocation="http://www.loc.gov/MARC21/slim http://www.loc.gov/standards/marcxml/schema/MARC21slim.xsd"
  xmlns="http://www.loc.gov/MARC21/slim">

<record>
  <leader>06833ckdaa2200913 u 4500</leader>
  <controlfield tag="001">3462109</controlfield>
  <controlfield tag="005">20100226103329.0</controlfield>
  <controlfield tag="008">890404s1912    cau||| ||||||     k|eng d</controlfield>
  <datafield tag="035" ind1=" " ind2=" ">
    <subfield code="a">(OCoLC)82265083</subfield>
  </datafield>
  <datafield tag="035" ind1=" " ind2=" ">
    <subfield code="a">(OCoLC)ocm82265083</subfield>
  </datafield>
  <datafield tag="035" ind1=" " ind2=" ">
    <subfield code="a">(CStRLIN)NYDA89-F392</subfield>
  </datafield>
  <datafield tag="035" ind1=" " ind2=" ">
    <subfield code="9">AAA2580AD</subfield>
  </datafield>
  <datafield tag="035" ind1=" " ind2=" ">
    <subfield code="a">(NNC)3462109</subfield>
  </datafield>
  <datafield tag="040" ind1=" " ind2=" ">
    <subfield code="a">NNC</subfield>
    <subfield code="c">NNC</subfield>
    <subfield code="e">gihc</subfield>
  </datafield>
  <datafield tag="043" ind1=" " ind2=" ">
    <subfield code="a">n-us-ca</subfield>
  </datafield>
  <datafield tag="110" ind1="2" ind2=" ">
    <subfield code="a">Greene &amp; Greene.</subfield>
  </datafield>
  <datafield tag="240" ind1="1" ind2="0">
    <subfield code="a">George A. Gibbs house (Pasadena, Calif.).</subfield>
    <subfield code="p">Alterations and additions</subfield>
  </datafield>
  <datafield tag="245" ind1="1" ind2="0">
    <subfield code="a">Addition to residence of Judge Geo. A. Gibbs at Pasadena, Cal.</subfield>
    <subfield code="h">[graphic] /</subfield>
    <subfield code="c">Greene &amp; Greene, Architects.</subfield>
  </datafield>
  <datafield tag="260" ind1=" " ind2=" ">
    <subfield code="c">[1912]</subfield>
  </datafield>
  <datafield tag="300" ind1=" " ind2=" ">
    <subfield code="a">30 sheets :</subfield>
    <subfield code="b">various media ;</subfield>
    <subfield code="c">107 x 62 cm. (42 1/8 x 24 4/8 in.) or smaller.</subfield>
  </datafield>
  <datafield tag="500" ind1=" " ind2=" ">
    <subfield code="a">Scale varies.</subfield>
  </datafield>
  <datafield tag="500" ind1=" " ind2=" ">
    <subfield code="a">Bracketed title elements supplied by cataloger or taken from inventory.</subfield>
  </datafield>
  <datafield tag="500" ind1=" " ind2=" ">
    <subfield code="a">Forms part of the Greene &amp; Greene collection of architectural drawings; job no. 301. Dept. of Drawings &amp; Archives, Avery Architectural and Fine Arts Library.</subfield>
  </datafield>
  <datafield tag="500" ind1=" " ind2=" ">
    <subfield code="a">Date from inventory.</subfield>
  </datafield>
  <datafield tag="500" ind1=" " ind2=" ">
    <subfield code="a">This set consists of 8 graphite on tracing paper, 6 blueprints on paper, 6 ink and graphite on tracing paper, 5 blueprints with crayon markings on paper, 2 graphite on paper, 2 ink and graphite on tracing paper with ink wash applied to the verso, 1 blueprint with crayon and graphite annotations on paper, 1 crayon on paper, and 1 ink on tracing paper.</subfield>
  </datafield>
  <datafield tag="561" ind1=" " ind2=" ">
    <subfield code="a">Gift of Jean Murray Bangs (Mrs. Harwell Hamilton Harris), 1960; formerly the collection of Charles Sumner Greene.</subfield>
  </datafield>
  <datafield tag="650" ind1=" " ind2="7">
    <subfield code="a">Houses.</subfield>
    <subfield code="2">aat</subfield>
  </datafield>
  <datafield tag="650" ind1=" " ind2="7">
    <subfield code="a">Alterations.</subfield>
    <subfield code="2">aat</subfield>
  </datafield>
  <datafield tag="650" ind1=" " ind2="7">
    <subfield code="a">Additions.</subfield>
    <subfield code="2">aat</subfield>
  </datafield>
  <datafield tag="655" ind1=" " ind2="7">
    <subfield code="a">Detail drawings.</subfield>
    <subfield code="2">aat</subfield>
  </datafield>
  <datafield tag="655" ind1=" " ind2="7">
    <subfield code="a">Sketches.</subfield>
    <subfield code="2">aat</subfield>
  </datafield>
  <datafield tag="655" ind1=" " ind2="7">
    <subfield code="a">Perspective drawings.</subfield>
    <subfield code="2">aat</subfield>
  </datafield>
  <datafield tag="655" ind1=" " ind2="7">
    <subfield code="a">Architectural drawings</subfield>
    <subfield code="x">American.</subfield>
    <subfield code="2">aat</subfield>
  </datafield>
  <datafield tag="655" ind1=" " ind2="7">
    <subfield code="a">Orthographic drawings.</subfield>
    <subfield code="2">aat</subfield>
  </datafield>
  <datafield tag="691" ind1=" " ind2="0">
    <subfield code="a">Pasadena (Calif.)</subfield>
  </datafield>
  <datafield tag="650" ind1=" " ind2="0">
    <subfield code="a">Architecture</subfield>
    <subfield code="z">United States</subfield>
    <subfield code="v">Designs and plans.</subfield>
  </datafield>
  <datafield tag="697" ind1="2" ind2="4">
    <subfield code="a">George A. Gibbs house (Pasadena, Calif.)</subfield>
  </datafield>
  <datafield tag="700" ind1="1" ind2=" ">
    <subfield code="a">Greene, Charles Sumner,</subfield>
    <subfield code="d">1868-1957.</subfield>
  </datafield>
  <datafield tag="700" ind1="1" ind2=" ">
    <subfield code="a">Greene, Henry Mather,</subfield>
    <subfield code="d">1870-1954.</subfield>
  </datafield>
  <datafield tag="700" ind1="1" ind2=" ">
    <subfield code="a">Gibbs, George A.</subfield>
  </datafield>
  <datafield tag="755" ind1=" " ind2=" ">
    <subfield code="a">Pencil drawings.</subfield>
    <subfield code="2">aat</subfield>
  </datafield>
  <datafield tag="755" ind1=" " ind2=" ">
    <subfield code="a">Blueprints.</subfield>
    <subfield code="2">aat</subfield>
  </datafield>
  <datafield tag="755" ind1=" " ind2=" ">
    <subfield code="a">Ink drawings.</subfield>
    <subfield code="2">aat</subfield>
  </datafield>
  <datafield tag="755" ind1=" " ind2=" ">
    <subfield code="a">Crayon drawings.</subfield>
    <subfield code="2">aat</subfield>
  </datafield>
  <datafield tag="755" ind1=" " ind2=" ">
    <subfield code="a">Ink wash drawings.</subfield>
    <subfield code="2">aat</subfield>
  </datafield>
  <datafield tag="799" ind1="4" ind2="3">
    <subfield code="a">The Greene &amp; Greene collection of architectural drawings.</subfield>
  </datafield>
  <datafield tag="789" ind1="0" ind2=" ">
    <subfield code="1">[1]</subfield>
    <subfield code="i">NYDA.1960.001.01306.</subfield>
    <subfield code="t">First floor plan :</subfield>
    <subfield code="n">Sheet no. 1.</subfield>
    <subfield code="o">"Heavier lines show new work".</subfield>
  </datafield>
  <datafield tag="789" ind1="0" ind2=" ">
    <subfield code="1">[2]</subfield>
    <subfield code="i">NYDA.1960.001.01307.</subfield>
    <subfield code="t">First floor plan :</subfield>
    <subfield code="n">Sheet no. 1</subfield>
    <subfield code="o">"Heavier lines show new work".</subfield>
  </datafield>
  <datafield tag="789" ind1="0" ind2=" ">
    <subfield code="1">[3]</subfield>
    <subfield code="i">NYDA.1960.001.01308.</subfield>
    <subfield code="t">First floor plan :</subfield>
    <subfield code="n">Sheet no. 1.</subfield>
    <subfield code="o">"Heavier lines show new work".</subfield>
  </datafield>
  <datafield tag="789" ind1="0" ind2=" ">
    <subfield code="1">[4]</subfield>
    <subfield code="i">NYDA.1960.001.01309.</subfield>
    <subfield code="t">First floor plan.</subfield>
  </datafield>
  <datafield tag="789" ind1="0" ind2=" ">
    <subfield code="1">[5]</subfield>
    <subfield code="i">NYDA.1960.001.01310.</subfield>
    <subfield code="t">Present first floor plan.</subfield>
  </datafield>
  <datafield tag="789" ind1="0" ind2=" ">
    <subfield code="1">[6]</subfield>
    <subfield code="i">NYDA.1960.001.01311.</subfield>
    <subfield code="t">Second floor plan :</subfield>
    <subfield code="n">Sheet no. 2.</subfield>
    <subfield code="o">"Heavier lines show new work".</subfield>
  </datafield>
  <datafield tag="789" ind1="0" ind2=" ">
    <subfield code="1">[7]</subfield>
    <subfield code="i">NYDA.1960.001.01312.</subfield>
    <subfield code="t">Second floor plan :</subfield>
    <subfield code="n">Sheet no. 2.</subfield>
    <subfield code="o">"Heavier lines show new work".</subfield>
  </datafield>
  <datafield tag="789" ind1="0" ind2=" ">
    <subfield code="1">[8]</subfield>
    <subfield code="i">NYDA.1960.001.01313.</subfield>
    <subfield code="t">Second floor plan :</subfield>
    <subfield code="n">Sheet no. 2.</subfield>
    <subfield code="o">"Heavier lines show new work".</subfield>
  </datafield>
  <datafield tag="789" ind1="0" ind2=" ">
    <subfield code="1">[9]</subfield>
    <subfield code="i">NYDA.1960.001.01314.</subfield>
    <subfield code="t">Second floor plan ; elev[ations] of linen case, bathr'm closet east wall, [and] west wall of bathr'm.</subfield>
  </datafield>
  <datafield tag="789" ind1="0" ind2=" ">
    <subfield code="1">[10]</subfield>
    <subfield code="i">NYDA.1960.001.01315.</subfield>
    <subfield code="t">Present second floor plan.</subfield>
  </datafield>
  <datafield tag="789" ind1="0" ind2=" ">
    <subfield code="1">[11]</subfield>
    <subfield code="i">NYDA.1960.001.01316.</subfield>
    <subfield code="t">West elevation :</subfield>
    <subfield code="n">Sheet no. 3.</subfield>
    <subfield code="o">"Heavier lines show new work".</subfield>
  </datafield>
  <datafield tag="789" ind1="0" ind2=" ">
    <subfield code="1">[12]</subfield>
    <subfield code="i">NYDA.1960.001.01317.</subfield>
    <subfield code="t">West elevation :</subfield>
    <subfield code="n">Sheet no. 3.</subfield>
    <subfield code="o">"Heavier lines show new work".</subfield>
  </datafield>
  <datafield tag="789" ind1="0" ind2=" ">
    <subfield code="1">[13]</subfield>
    <subfield code="i">NYDA.1960.001.01318.</subfield>
    <subfield code="t">West elevation :</subfield>
    <subfield code="n">Sheet no. 3.</subfield>
    <subfield code="o">"Heavier lines show new work".</subfield>
  </datafield>
  <datafield tag="789" ind1="0" ind2=" ">
    <subfield code="1">[14]</subfield>
    <subfield code="i">NYDA.1960.001.01319.</subfield>
    <subfield code="t">West elevation.</subfield>
  </datafield>
  <datafield tag="789" ind1="0" ind2=" ">
    <subfield code="1">[15]</subfield>
    <subfield code="i">NYDA.1960.001.01320.</subfield>
    <subfield code="t">Present west elevation.</subfield>
  </datafield>
  <datafield tag="789" ind1="0" ind2=" ">
    <subfield code="1">[16]</subfield>
    <subfield code="i">NYDA.1960.001.01321.</subfield>
    <subfield code="t">North elevation :</subfield>
    <subfield code="n">Sheet no. 4.</subfield>
    <subfield code="o">"Heavier lines show new work".</subfield>
  </datafield>
  <datafield tag="789" ind1="0" ind2=" ">
    <subfield code="1">[17]</subfield>
    <subfield code="i">NYDA.1960.001.01322.</subfield>
    <subfield code="t">North elevation :</subfield>
    <subfield code="n">Sheet no 4.</subfield>
    <subfield code="o">"Heavier lines show new work".</subfield>
  </datafield>
  <datafield tag="789" ind1="0" ind2=" ">
    <subfield code="1">[18]</subfield>
    <subfield code="i">NYDA.1960.001.01323.</subfield>
    <subfield code="t">North elevation :</subfield>
    <subfield code="n">Sheet no. 4.</subfield>
    <subfield code="o">"Heavier lines show new work".</subfield>
  </datafield>
  <datafield tag="789" ind1="0" ind2=" ">
    <subfield code="1">[19]</subfield>
    <subfield code="i">NYDA.1960.001.01324.</subfield>
    <subfield code="t">North elevation.</subfield>
  </datafield>
  <datafield tag="789" ind1="0" ind2=" ">
    <subfield code="1">[20]</subfield>
    <subfield code="i">NYDA.1960.001.01325.</subfield>
    <subfield code="t">Present north elevation.</subfield>
  </datafield>
  <datafield tag="789" ind1="0" ind2=" ">
    <subfield code="1">[21]</subfield>
    <subfield code="i">NYDA.1960.001.01326.</subfield>
    <subfield code="t">East elevation :</subfield>
    <subfield code="n">Sheet no. 5.</subfield>
    <subfield code="o">"Heavier lines show new work".</subfield>
  </datafield>
  <datafield tag="789" ind1="0" ind2=" ">
    <subfield code="1">[22]</subfield>
    <subfield code="i">NYDA.1960.001.01327.</subfield>
    <subfield code="t">East elevation :</subfield>
    <subfield code="n">Sheet no. 5.</subfield>
    <subfield code="o">"Heavier lines show new work".</subfield>
  </datafield>
  <datafield tag="789" ind1="0" ind2=" ">
    <subfield code="1">[23]</subfield>
    <subfield code="i">NYDA.1960.001.01328R.</subfield>
    <subfield code="t">East elevation :</subfield>
    <subfield code="n">Sheet no. 5.</subfield>
    <subfield code="o">"Heavier lines show new work".</subfield>
  </datafield>
  <datafield tag="789" ind1="0" ind2=" ">
    <subfield code="1">[24]</subfield>
    <subfield code="i">NYDA.1960.001.01328V.</subfield>
    <subfield code="t">[Unidentified rough sketch]</subfield>
  </datafield>
  <datafield tag="789" ind1="0" ind2=" ">
    <subfield code="1">[25]</subfield>
    <subfield code="i">NYDA.1960.001.01329.</subfield>
    <subfield code="t">East elevation.</subfield>
  </datafield>
  <datafield tag="789" ind1="0" ind2=" ">
    <subfield code="1">[26]</subfield>
    <subfield code="i">NYDA.1960.001.01330.</subfield>
    <subfield code="t">East elevation.</subfield>
  </datafield>
  <datafield tag="789" ind1="0" ind2=" ">
    <subfield code="1">[27]</subfield>
    <subfield code="i">NYDA.1960.001.01331.</subfield>
    <subfield code="t">Quarter inch scale interior elevations and 1 1/2" &amp; 3/4" scale construction details -- south elevation of living r'm, north elevation of living r'm [with] half plan, west wall of west bathroom, bathr'm closet east wall, linen case in hall, living r'm window frames, sliding sash frames on sleeping porch, details of louvres, section thru' gutters, section thru' living rm. cornice, living rm mantel :Sheet no. 6.</subfield>
  </datafield>
  <datafield tag="789" ind1="0" ind2=" ">
    <subfield code="1">[28]</subfield>
    <subfield code="i">NYDA.1960.001.01332.</subfield>
    <subfield code="t">1/4" scale interior elevations, and 1 1/2" and 3/4" scale construction details -- south elevation of living r'm, north elevation of living r'm [with] half plan, west wall of west bathroom, bathr'm closet east wall, linen case in hall, living r'm window frames, sliding sash frames on sleeping porch, details of louvres, section thru gutters, section thru living r'm cornice, living r'm mantel :</subfield>
    <subfield code="S">heet no. 6.</subfield>
  </datafield>
  <datafield tag="789" ind1="0" ind2=" ">
    <subfield code="1">[29]</subfield>
    <subfield code="i">NYDA.1960.001.01333.</subfield>
    <subfield code="t">Quarter inch scale interior elevations and 1 1/2" &amp; 3/4" scale construction details -- south elevation of living r'm, north elevation of living r'm [with] half plan, west wall of west bathroom, bathr'm closet east wall, linen case in hall, living r'm window frames, sliding sash frames on sleeping porch, details of louvres, section thru' gutters, section thru' living rm. cornice, living rm mantel :Sheet no. 6.</subfield>
  </datafield>
  <datafield tag="789" ind1="0" ind2=" ">
    <subfield code="1">[30]</subfield>
    <subfield code="i">NYDA.1960.001.01334.</subfield>
    <subfield code="t">F.S. details of casement window frames -- head, transom bar, jamb, mullions, sill, bottom rail and drip mould for fixed sash ; perspective view showing how mullion is let into sill :</subfield>
    <subfield code="n">Sheet no. 7.</subfield>
    <subfield code="o">"Note -- before ordering these frames contractor must be sure to verify sizes with studding of old work".</subfield>
  </datafield>
  <datafield tag="789" ind1="0" ind2=" ">
    <subfield code="1">[31]</subfield>
    <subfield code="i">NYDA.1960.001.01335R.</subfield>
    <subfield code="t">[Unidentified rough sketches].</subfield>
    <subfield code="o">Sketches done on backing paper for roll of drawings.</subfield>
    <subfield code="o">"Office copy, set no.1".</subfield>
  </datafield>
  <datafield tag="789" ind1="0" ind2=" ">
    <subfield code="1">[32]</subfield>
    <subfield code="i">NYDA.1960.001.01335V.</subfield>
    <subfield code="t">[Unidentified rough sketch].</subfield>
    <subfield code="o">Sketch done on backing paper for roll of drawings.</subfield>
    <subfield code="o">"305 E. [illegible]".</subfield>
  </datafield>
  <datafield tag="900" ind1=" " ind2=" ">
    <subfield code="a">AUTH</subfield>
  </datafield>
</record>

</collection>